@book{label1,
  author    = {John Doe},
  title     = {Book Title},
  publisher = {Example Publisher},
  year      = {2023}
}

@book{label2,
  author    = {Jane Smith},
  title     = {Another Book Title},
  publisher = {Another Publisher},
  year      = {2022}
}