@misc{dispersive_art_gallery,
      title={The Dispersive Art Gallery Problem}, 
      author={Christian Rieck and Christian Scheffer},
      year={2023},
      eprint={2209.10291},
      archivePrefix={arXiv},
      primaryClass={cs.CG},
      url={https://arxiv.org/abs/2209.10291}, 
}

@misc{on_guarding_polygons_with_holes,
      title={On guarding polygons with holes}, 
      author={Sharareh Alipour},
      year={2021},
      eprint={2102.10317},
      archivePrefix={arXiv},
      primaryClass={cs.CG},
      url={https://arxiv.org/abs/2102.10317}, 
}

@article{queen_and_rook_vision,
  author       = {Hannah Alpert and
                  {\'{E}}rika Rold{\'{a}}n},
  title        = {Art Gallery Problem with Rook Vision},
  journal      = {CoRR},
  volume       = {abs/1810.10961},
  year         = {2018},
  url          = {http://arxiv.org/abs/1810.10961},
  eprinttype    = {arXiv},
  eprint       = {1810.10961},
  timestamp    = {Wed, 31 Oct 2018 14:24:29 +0100},
  biburl       = {https://dblp.org/rec/journals/corr/abs-1810-10961.bib},
  bibsource    = {dblp computer science bibliography, https://dblp.org}
}

@article{180_guard_vision, 
      title={Art gallery problem with guards whose range of vision is 180∘},
      volume={17},
      ISSN={0925-7721},
      url={http://dx.doi.org/10.1016/s0925-7721(00)00023-7}, 
      DOI={10.1016/s0925-7721(00)00023-7}, 
      number={3–4}, 
      journal={Computational Geometry}, 
      publisher={Elsevier BV}, 
      author={Tóth, Csaba D.}, 
      year={2000}, 
      month=dec, 
      pages={121–134}
}

@misc{chromatic_art_gallery,
  title={A chromatic art gallery problem},
  author={Erickson, Lawrence and LaValle, Steven M},
  year={2010},
  url = {https://core.ac.uk/download/pdf/4825109.pdf}
}